
@inproceedings{davis_impact_2018,
	address = { New York, NY, USA},
	title = {The {Impact} of {Regular} {Expression} {Denial} of {Service} ({ReDoS}) in {Practice}: {An} {Empirical} {Study} at the {Ecosystem} {Scale}},
	note = {https://2018.fseconference.org/event/fse-2018-research-papers-the-impact-of-regular-expression-denial-of-service-redos-in-practice-an-empirical-study-at-the-ecosystem-scale},
	urldate = {2018-08-07TZ},
	publisher = {ACM},
	author = {Davis, James C. and Coghlan, Christy A. and Servant, Fransisco and Dongyoon, Lee},
	year = {2018},
	pages = {11}
}

@misc{noauthor_eslint:_2018,
	title = {eslint: {A} fully pluggable tool for identifying and reporting on patterns in {JavaScript}},
	copyright = {MIT},
	shorttitle = {eslint},
	note = {https://github.com/eslint/eslint},
	urldate = {2018-08-09TZ},
	month = aug,
	year = {2018},
	note = {original-date: 2013-06-29T23:59:48Z},
	keywords = {eslint, javascript, ecmascript, static-code-analysis, linter}
}

@misc{noauthor_travis_2018,
	title = {Travis {CI} - {Test} and {Deploy} {Your} {Code} with {Confidence}},
	shorttitle = {Travis {CI}},
	note = {https://travis-ci.org/},
	urldate = {2018-08-09TZ},
	year = {2018}
}

@misc{preston-werner_semantic_2013,
	title = {Semantic {Versioning} 2.0.0},
	note = {https://semver.org/},
	abstract = {Semantic Versioning spec and website},
	language = {en},
	urldate = {2018-08-09TZ},
	author = {Preston-Werner, Tom},
	month = jun,
	year = {2013}
}

@misc{noauthor_standard:_2018,
	title = {standard: {JavaScript} {Style} {Guide}, with linter \& automatic code fixer},
	copyright = {MIT},
	shorttitle = {standard},
	note = {https://github.com/standard/standard},
	urldate = {2018-08-09TZ},
	month = aug,
	year = {2018},
	note = {original-date: 2015-01-27T01:23:31Z},
	keywords = {eslint, javascript, linter, style-guide, static-code-analysis, development, ecmascript, standard, es6, nodejs}
}

@misc{noauthor_jsdoc:_2018,
	title = {jsdoc: {An} {API} documentation generator for {JavaScript}},
	shorttitle = {jsdoc},
	note = {https://github.com/jsdoc3/jsdoc},
	urldate = {2018-08-09TZ},
	month = aug,
	year = {2018},
	note = {original-date: 2010-03-13T09:18:03Z},
	keywords = {jsdoc, javascript, api, docs, documentation}
}

@misc{noauthor_babel:_2018,
	title = {babel: {Babel} is a compiler for writing next generation {JavaScript}},
	copyright = {MIT},
	shorttitle = {babel},
	note = {https://github.com/babel/babel},
	urldate = {2018-08-09TZ},
	month = aug,
	year = {2018},
	note = {original-date: 2014-09-28T13:38:23Z},
	keywords = {babel, javascript, ast, compiler, flavortown, es6, es2015}
}

@misc{noauthor_browserify:_2018,
	title = {browserify: browser-side require() the node.js way},
	shorttitle = {browserify},
	note = {https://github.com/browserify/browserify},
	urldate = {2018-08-09TZ},
	month = aug,
	year = {2018},
	note = {original-date: 2010-09-22T16:11:32Z},
	keywords = {bundler, javascript, module-bundler, commonjs, modules, browser}
}

@misc{noauthor_csl_nodate,
	title = {{CSL} {Processors} - {Developers}},
	note = {https://citationstyles.org/developers/\#/csl-processors},
	abstract = {CSL for developers. Learn how to use the Citation Style Language in your software and how to contribute to its development.},
	language = {en},
	urldate = {2018-08-10TZ}
}

@misc{willighagen_make_2017,
	title = {Make a synchronous redirectable {CORS} request in {Chrome}},
	note = {https://stackoverflow.com/questions/45238537/make-a-synchronous-redirectable-cors-request-in-chrome},
	urldate = {2018-08-10TZ},
	author = {Willighagen, Lars},
	month = jul,
	year = {2017}
}

@misc{willighagen_citation.js:_2017,
	title = {Citation.js: {Endpoint} on {RunKit}},
	url = {https://larsgw.blogspot.com/2017/08/citationjs-endpoint-on-runkit.html},
	urldate = {2018-08-11TZ},
	author = {Willighagen, Lars},
	month = aug,
	year = {2017},
	keywords = {Citation.js}
}